%%% -*-BibTeX-*-
%%% ====================================================================
%%% This is a collection of sample BibTeX entries that have been
%%% prettyprinted by bibclean, ordered by biborder, and sorted by
%%% bibsort.
%%%
%%% Bibliography tools available on *.math.utah.edu are documented
%%% by the standard Unix "man" command, and include at least these:
%%%
%%%     bibcheck
%%%     bibclean
%%%     bibdup
%%%     bibextract
%%%     bibjoin
%%%     biblabel
%%%     biblex
%%%     biborder
%%%     bibparse
%%%     bibsearch
%%%     bibsort
%%%     bibsplit
%%%     bibsql
%%%     bibtex
%%%     bibtosql
%%%     bibunlex
%%%
%%% [30-Mar-2016]
%%% ====================================================================

@Preamble{
 "\def \noopsort #1{}"?
}

%%% ====================================================================
%%% Bibliography entries, sorted by citation key, with ``bibsort'':
@Article{agrawal2014,
  title={Exploration of data science techniques to predict fatigue strength of steel from composition and processing parameters},
  volume={3},
  DOI={10.1186/2193-9772-3-8},
  number={1},
  journal={Integrating Materials and Manufacturing Innovation},
  author={Agrawal, Ankit and Deshpande, Parijat D and Cecen, Ahmet and Basavarsu, Gautham P and Choudhary, Alok N and Kalidindi, Surya R},
  year={2014},
  month={Mar}}
  
%@Article{agrawal2014,
%  title = "Exploration of data science techniques to predict fatigue strength of steel from composition and processing parameters",
%  author = "Ankit Agrawal and Parijat Deshpande and Ahmet Cecen and Gautham Basavarsu and Alok Choudhary and Surya Kalidindi",
%  journal = "Integrating Materials and Manufacturing Innovation",
%  volume = "3",
%  number = "1",
%  month = "March",
%  year = "2014"}

@Article{boser1992,
  title = "A training algorithm for optimal margin classifiers",
  author = "Bernhard E. Boser and Isabelle M. Guyon and Vladimir N. Vapnik",
  journal = "Proceedings of the fifth annual workshop on computational learning theory (COLT 92)",
  pages = "144-152",
  publisher = "ACM",
  month = "July",
  year = "1992"}

@Article{bottou2010,
  title="Large-Scale Machine Learning with Stochastic Gradient Descent",
  author="Leon Bottou",
  journal="Proceedings of COMPSTAT2010",
  pages="177-186",
  year="2010"}

@book{bower_2010,
  place={Boca Raton},
  title={Applied mechanics of solids},
  publisher={CRC Press / Taylor and Francis Group},
  author={Bower, Allan F.},
  year={2010}}
  
@Article{Bozek_2008,
  author={J E Bozek and J D Hochhalter and M G Veilleux and M Liu and G Heber and S D Sintay and A D Rollett and D J Littlewood and A M Maniatty and H Weiland and R J {Christ Jr} and J Payne and G Welsh and D G Harlow and P A Wawrzynek and A R Ingraffea},
  title={A geometric approach to modeling microstructurally small fatigue crack formation: I. Probabilistic simulation of constituent particle cracking in {AA 7075-T651}},
  journal={Modelling Simul. Mater. Sci.},
  volume={16},
  number={6},
  pages={065007 (28pp)},
  year={2008}}
  
@Article{breiman2001,
  title = "Random forests",
  author = "Leo Breiman",
  journal = "Machine learning",
  volume = "45",
  issue = "1",
  pages = "5-32",
  month = "October",
  year = "2001"}
  
@inproceedings{Brockenbrough_1994,
  author={J. R. Brockenbrough and A. J. Hinkle and P. E. Magnusen and R. J. Bucci},
  title={Microstructurally based model of fatigue and growth},
  booktitle ={Proceedings, FAA/NASA International Symposium on Advanced Structural Integrity Methods for Airframe Durability and Damage Tolerance},
  editor={Harris, C.E.},
  volume={NASA Conference Publication 3274, Part I},
  month={Sep},
  year={1994},
  pages={71--84}}
  
@Article{caret2008,
  title="Building predictive models in R using the caret package",
  author="Max Kuhn",
  journal="Journal of statistical software",
  volume="28",
  number="5",
  year="2008"}
  
@Article{Castelluccio_2014,
  title = "Recent developments in assessing microstructure-sensitive early stage fatigue of polycrystals",
  journal = "Current Opinion in Solid State and Materials Science",
  volume = "18",
  number = "4",
  pages = "180--187",
  year = "2014",
  note = "Slip Localization and Transfer in Deformation and Fatigue of Polycrystals",
  issn = "1359-0286",
  doi = "https://doi.org/10.1016/j.cossms.2014.03.001",
  url = "http://www.sciencedirect.com/science/article/pii/S1359028614000163",
  author = "Gustavo M. Castelluccio and William D. Musinski and David L. McDowell",
  keywords = "Fatigue, Microstructure, Experiments, Modeling, Small cracks"}
  
@Article{Castelluccio_2016,
  title = "Microstructure-sensitive small fatigue crack growth assessment: Effect of strain ratio, multiaxial strain state, and geometric discontinuities",
  journal = "International Journal of Fatigue",
  volume = "82",
  pages = "521--529",
  year = "2016",
  issn = "0142-1123",
  doi = "https://doi.org/10.1016/j.ijfatigue.2015.09.007",
  url = "http://www.sciencedirect.com/science/article/pii/S014211231500290X",
  author = "Gustavo M. Castelluccio and David L. McDowell",
  keywords = "Fatigue crack initiation, Microstructural small cracks, Stress and strain ratios, Geometric discontinuity, Multiaxial loading"}
  
@Article{Christ_2014,
  title = "Micromechanical modeling of short fatigue cracks",
  journal = "Current Opinion in Solid State and Materials Science",
  volume = "18",
  number = "4",
  pages = "205--211",
  year = "2014",
  note = "Slip Localization and Transfer in Deformation and Fatigue of Polycrystals",
  issn = "1359-0286",
  doi = "https://doi.org/10.1016/j.cossms.2014.05.001",
  url = "http://www.sciencedirect.com/science/article/pii/S1359028614000187",
  author = "H.-J. Christ and C.-P. Fritzen and P. K{\"o}ster",
  keywords = "Short fatigue crack, Microstructure, Stage I, Microstructural barriers, Life-time prediction"}
  
@Article{cortes1995,
  title = "Support-vector networks",
  author = "Corinna Cortes and Vladimir Vapnik",
  journal = "Machine learning",
  volume = "20",
  issue = "3",
  pages = "273-297",
  publisher = "Kluwer Academic Publishers",
  month = "September",
  year = "1995"}
  
@Article{drucker1997,
  title = "Support vector regression machines",
  author = "Harris Drucker and Christopher Burges and Linda Kaufman and Alex Smola and Vladimir Vapnik",
  journal = "Advances in neural information processing systems",
  pages = "155-161",
  year = "1997"}
  
@Article{Fatemi_1998,
  title = "Cumulative fatigue damage and life prediction theories: a survey of the state of the art for homogeneous materials",
  journal = "International Journal of Fatigue",
  volume = "20",
  number = "1",
  pages = "9--34",
  year = "1998",
  issn = "0142-1123",
  doi = "https://doi.org/10.1016/S0142-1123(97)00081-9",
  url = "http://www.sciencedirect.com/science/article/pii/S0142112397000819",
  author = "A. Fatemi and L. Yang",
  keywords = "cumulative fatigue damage, fatigue damage accumulation, cumulative damage rules, load interaction effects, fatigue life predictions"}

@book{good2010,
  place={New York},
  title={Permutation, parametric and bootstrap tests of hypotheses},
  publisher={Springer},
  author={Good, Phillip I.},
  year={2010},
  pages={47}}

@Article{Harlow_2009,
  title = {Probability modeling and material microstructure applied to corrosion and fatigue of aluminum and steel alloys},
  journal = {Eng. Fract. Mech.},
  volume = {76},
  pages = {695--708},
  year = {2009},
  author = {D. G. Harlow and R. P. Wei}}

@Article{hochhalter2010geometric,
  title={A geometric approach to modeling microstructurally small fatigue crack formation: {II}. {P}hysically based modeling of microstructure-dependent slip localization and actuation of the crack nucleation mechanism in {AA} {7075-T651}},
  author={Hochhalter, JD and Littlewood, DJ and Christ Jr, RJ and Veilleux, MG and Bozek, JE and Ingraffea, AR and Maniatty, AM},
  journal={Modelling and Simulation in Materials Science and Engineering},
  volume={18},
  number={4},
  pages={045004},
  year={2010},
  publisher={IOP Publishing}}
  
@Article{Hochhalter_2011,
  author={J D Hochhalter and D J Littlewood and M G Veilleux and J E Bozek and A M Maniatty and A D Rollett and A R Ingraffea},
  title={A geometric approach to modeling microstructurally small fatigue crack formation: {III}. {D}evelopment of a semi-empirical model for nucleation},
  journal={Modelling and Simulation in Materials Science and Engineering},
  volume={19},
  number={3},
  pages={035008},
  url={http://stacks.iop.org/0965-0393/19/i=3/a=035008},
  year={2011}}

@Article{hofmann2006,
  title = "Support vector machines - kernels and the kernel trick",
  author = "Martin Hofmann",
  journal = "Reading club: support vector machines",
  month = "June",
  year = "2006"}
  
@Article{hssina2014,
  title = "A comparative study of decision tree ID3 and C4.5",
  author = "Badr Hssina and Abdelkarim Merbouha and Hanana Ezzikouri and Mohammed Erritali",
  journal = "International journal of advanced computer science and applications, special issue on advances in vehicular ad hoc networking and applications",
  pages = "13-19",
  year = "2014"}
  
@Article{Hussain_1997,
  title = "Short fatigue crack behaviour and analytical models: A review",
  journal = "Engineering Fracture Mechanics",
  volume = "58",
  number = "4",
  pages = "327--354",
  year = "1997",
  issn = "0013-7944",
  doi = "https://doi.org/10.1016/S0013-7944(97)00102-1",
  url = "http://www.sciencedirect.com/science/article/pii/S0013794497001021",
  author = "K. Hussain",
  keywords = "analytical models, fatigue, short cracks"}
  
%@Article{kalidindi_graef_2015,
%  title={Materials Data Science: Current Status and Future Outlook},
%  volume={45},
%  DOI={10.1146/annurev-matsci-070214-020844},
%  number={1},
%  journal={Annual Review of Materials Research},
%  author={Kalidindi, Surya R. and Graef, Marc De},
%  year={2015},
%  pages={171--193}}
  
@Article{kalidindi2015,
  title = "Materials data science: current status and future outlook",
  author = "Surya Kalidindi and Marc De Graef",
  journal = "Annual Review of Materials Research",
  volume = "45",
  number = "1",
  pages = "171 - 193",
  year = "2015"}

@Article{kalidindi2016,
  title={Vision for Data and Informatics in the Future Materials Innovation Ecosystem},
  volume={68},
  DOI={10.1007/s11837-016-2036-5},
  number={8},
  journal={JOM},
  author={Kalidindi, Surya R. and Medford, Andrew J. and Mcdowell, David L.},
  year={2016},
  pages={2126-2137}}
  
%@Article{kalidindi2016,
%  title = "Vision for data and informatics in the future materials innovation ecosystem",
%  author="Surya Kalidindi and Andrew Medford and David Mcdowell},
%  journal="JOM",
%  volume="68",
%  number="8",
%  pages="2126 - 2137",
%  year="2016"}
  
@misc{keras,
  title={Keras},
  author={Fran\c{c}ois Chollet and others},
  year={2015}}
  
@Article{kim1978crack,
  title={Crack nucleation and stage {I} propagation in high strain fatigue—{II}. Mechanism},
  author={Kim, Woo Hyung and Laird, C},
  journal={Acta Metallurgica},
  volume={26},
  number={5},
  pages={789--799},
  year={1978},
  publisher={Elsevier}}

@Article{Laz_1998,
  title = {Fatigue life prediction from inclusion initiated cracks},
  journal = {Int. J. of Fat.},
  volume = {20},
  number = {4},
  pages = {263--270},
  year = {1998},
  author = {P. J. Laz and B. M. Hillberry}}

@Article{lecun1999,
  title = "Object Recognition with gradient-based learning",
  author = "Yann LeCun and Patrick Haffner and Leon Bottou and Yoshua Bengio",
  journal = "Shape, contour and grouping in computer vision",
  publisher = "Springer",
  pages = "319-345",
  year = "1999"}
  
@Article{Matouvs2004,
  title={Finite element formulation for modelling large deformations in elasto-viscoplastic polycrystals},
  author={K. Matou{\v{s}} and A.M. Maniatty},
  journal={Int J Numer Meth Engng},
  volume={60},
  number={14},
  pages={2313--2333},
  year={2004},
  publisher={Wiley Online Library}}

@Article{McDowell_2010,
  title = "Microstructure-sensitive computational modeling of fatigue crack formation",
  journal = "International Journal of Fatigue",
  volume = "32",
  number = "9",
  pages = "1521--1542",
  year = "2010",
  note = "Emerging Frontiers in Fatigue",
  issn = "0142-1123",
  doi = "https://doi.org/10.1016/j.ijfatigue.2010.01.003",
  url = "http://www.sciencedirect.com/science/article/pii/S0142112310000162",
  author = "D.L. McDowell and F.P.E. Dunne",
  keywords = "Microstructure, Simulation, Fatigue crack formation, Fatigue crack initiation, Crystal plasticity, High cycle fatigue"}
  
@Inbook{McDowell_2018,
  author="McDowell, David L.",
  editor="Shin, Dongwon
  and Saal, James",
  title="Multiscale Crystalline Plasticity for Materials Design",
  bookTitle="Computational Materials System Design",
  year="2018",
  publisher="Springer International Publishing",
  address="Cham",
  pages="105--146",
  isbn="978-3-319-68280-8",
  doi="10.1007/978-3-319-68280-8_6",
  url="https://doi.org/10.1007/978-3-319-68280-8_6"}

@Article{messner2015interface,
  title={An interface compatibility/equilibrium mechanism for delamination fracture in aluminum--lithium alloys},
  author={Messner, MC and Beaudoin, AJ and Dodds, RH},
  journal={Engineering Fracture Mechanics},
  volume={133},
  pages={70--84},
  year={2015},
  publisher={Elsevier}}
  
@Article{miao2009crystallographic,
  title={Crystallographic fatigue crack initiation in nickel-based superalloy {Ren{\'e} 88DT} at elevated temperature},
  author={Miao, Jiashi and Pollock, Tresa M and Jones, J Wayne},
  journal={Acta Materialia},
  volume={57},
  number={20},
  pages={5964--5974},
  year={2009},
  publisher={Elsevier}}
  
@Article {Mughrabi_2014,
  author = {Mughrabi, Ha{\"e}l},
  title = {Microstructural mechanisms of cyclic deformation, fatigue crack initiation and early crack growth},
  volume = {373},
  number = {2038},
  year = {2015},
  doi = {10.1098/rsta.2014.0132},
  publisher = {The Royal Society},
  issn = {1364-503X},
  URL = {http://rsta.royalsocietypublishing.org/content/373/2038/20140132},
  journal = {Philosophical Transactions of the Royal Society of London A: Mathematical, Physical and Engineering Sciences}}
  
@Article{Murakami_1994,
  author={Y. Murakami and M. Endo},
  year={1994},
  month={Apr},
  title={Effects of defects, inclusions and inhomogeneities on fatigue strength},
  journal={Int. J. Fatigue},
  volume={16},
  pages={163--182}}
  
@Article{Murty_2017,
  author = "Narayana Murty, S. V. and Manwatkar, S. K. and Narayanan, P. R.", 
  title = "A Review on the Role of Microstructural Heterogeneities in the Failure of Aerospace Components: A Metallographer’s Perspective", 
  journal = "Materials Performance and Characterization", 
  volume = "6", 
  number = "3", 
  year = "2017",
  pages = "311--333", 
  doi = "https://doi.org/10.1520/MPC20160030"}
  
@Article{Musinski_2016,
  title = "Simulating the effect of grain boundaries on microstructurally small fatigue crack growth from a focused ion beam notch through a three-dimensional array of grains",
  journal = "Acta Materialia",
  volume = "112",
  pages = "20--39",
  year = "2016",
  issn = "1359-6454",
  doi = "https://doi.org/10.1016/j.actamat.2016.04.006",
  url = "http://www.sciencedirect.com/science/article/pii/S1359645416302622",
  author = "William D. Musinski and David L. McDowell",
  keywords = "Crystal plasticity, Ni-base superalloys, IN100, Microstructurally small crack"}
  
@article{pierson2018,
  title = {Data-Driven Correlation Analysis between Observed 3D Fatigue-Crack Path and Computed Fields from High-Fidelity, Crystal-Plasticity, Finite-Element Simulations},
  author = {Kyle Pierson and Jacob Hochhalter and Ashley Spear},
  journal = {JOM},
  publisher = {The Minerals, Metals and Materials Society},
  year = {2018}
}
  
@Article{Przystupa_1997,
  title = "Microstructure based fatigue life predictions for thick plate {7050-T7451} airframe alloys",
  journal = "International Journal of Fatigue",
  volume = "19",
  number = "93",
  pages = "285--288",
  year = "1997",
  issn = "0142-1123",
  doi = "https://doi.org/10.1016/S0142-1123(97)00026-1",
  url = "http://www.sciencedirect.com/science/article/pii/S0142112397000261",
  author = "Marek A Przystupa and Robert J Bucci and Paul E Magnusen and Andrew J Hinkle",
  keywords = "Fatigue life predictions, Airframe alloys, 7050 alloy, Statistics of extrems"}

@Article{quinlan1986,
  title = "Induction of decision trees",
  author = "J. R. Quinlan",
  journal = "Machine learning",
  volume = "1",
  issue = "1",
  pages = "81-106",
  publisher = "Kluwer Academic Publishers",
  month = "March",
  year = "1986"}
  
@Article{raabe2001,
  title={Micromechanical and macromechanical effects in grain scale polycrystal plasticity experimentation and simulation},
  volume={49},
  DOI={10.1016/s1359-6454(01)00242-7},
  number={17},
  journal={Acta Materialia},
  author={Raabe, D. and Sachtleber, M. and Zhao, Z. and Roters, F. and Zaefferer, S.},
  year={2001},
  pages={3433--3441}}

@Article{refaeilzadeh2009,
  title = "Cross-validation",
  author = "Payam Refaeilzadeh and Lei Tang and Huan Liu",
  journal = "Encyclopedia of database systems",
  year = "2009"}

@inbook{Ritchie_1986, 
  place={United States}, 
  title={Small fatigue cracks},
  publisher={The Metallurgical Society INC., Warrendale, PA}, 
  author={Ritchie, R.O. and Lankford, J.}, 
  year={1986}, 
  month={Jan}}

@misc{rollett2016,
  title="Plastic anisotropy: relaxed constraints, theoretical textures",
  author="Rollett, A. D.",
  year="2016",
  pages={9--10},
  howpublished={\url{http://pajarito.materials.cmu.edu/rollett/27750/RC-Theo_textures-Aniso4-10Apr14.pdf}}}
  
@Article{rovinelli2015,
  title={Influence of microstructure variability on short crack behavior through postulated micromechanical short crack driving force metrics},
  volume={138},
  DOI={10.1016/j.engfracmech.2015.03.001},
  journal={Engineering Fracture Mechanics},
  author={Rovinelli, Andrea and Lebensohn, Ricardo A. and Sangid, Michael D.},
  year={2015},
  pages={265–-288}}
  
@Article{Rovinelli_2017,
  author={Andrea Rovinelli and Yoann Guilhem and Henry Proudhon and Ricardo A Lebensohn and Wolfgang Ludwig and Michael D Sangid},
  title={Assessing reliability of fatigue indicator parameters for small crack growth via a probabilistic framework},
  journal={Modelling and Simulation in Materials Science and Engineering},
  volume={25},
  number={4},
  pages={045010},
  url={http://stacks.iop.org/0965-0393/25/i=4/a=045010},
  year={2017}}

@Article{rumelhart1986,
  title = "Learning representations by back-propagating errors",
  author = "David Rumelhart and Geoffrey Hinton and Ronald Williams",
  journal = "Nature",
  publisher = "Nature publishing group",
  volume = "323",
  month = "October",
  year = "1986"}

@Article{Sangid_2013,
  title = "The physics of fatigue crack initiation",
  journal = "International Journal of Fatigue",
  volume = "57",
  pages = "58--72",
  year = "2013",
  note = "Fatigue and Microstructure: A special issue on recent advances",
  issn = "0142-1123",
  doi = "https://doi.org/10.1016/j.ijfatigue.2012.10.009",
  url = "http://www.sciencedirect.com/science/article/pii/S0142112312002940",
  author = "Michael D. Sangid",
  keywords = "Fatigue, Crack initiation, Microstructure, Slip irreversibility, Persistent slip bands"}

@misc{schmidhuber2014,
  title = "Deep learning in neural networks: an overview",
  author = "Jurgen Schmidhuber",
  url = "https://arxiv.org/pdf/1404.7828.pdf",
  month = "Oct",
  year = "2014"}

@Article{spear2011,
  title = "Surrogate Modeling of High-Fidelity Fracture Simulations for Real-Time Residual-Strength Predictions",
  author = "Ashley Spear and Amanda Priest and Michael Veilleux and Anthony Ingraffea and Jacob Hochhalter",
  journal = "AIAA Journal",
  volume = "49",
  number = "12",
  pages = "2770-2782",
  year = "2011"}
  
@Article{spear2014,
  title="Three-dimensional characterization of microstructurally small fatigue-crack evolution using quantitative fractography combined with post-mortem X-ray tomography and high-energy X-ray diffraction microscopy",
  author="Ashley Spear and Shiu Fai Li and Jonathan Lind and Robert Suter and Anthony Ingraffea",
  journal="Acta Materialia",
  volume="76",
  pages="413-424",
  year="2014"}

%@Article{Spear2014,
%  title={Three-dimensional characterization of microstructurally small fatigue-crack evolution using quantitative fractography combined with post-mortem {X-ray} tomography and high-energy {X-ray} diffraction microscopy},
%  author={Spear, A.D. and Li, S.F. and Lind, J.F. and Suter, R.M. and Ingraffea, A.R.},
%  journal={Acta Materialia},
%  volume={76},
%  pages={413--424},
%  year={2014},
%  publisher={Elsevier}}
  
@phdthesis{spear2014numerical,
  title={Numerical and Experimental Studies of Three-Dimensional Crack Evolution in Aluminum Alloys: Macroscale To Microscale},
  author={A.D. Spear},
  publisher={PhD Dissertation},
  address = {Cornell University},
  year={2014}}

@Article{spear2016,
  title="A method to generate conformal finite-element meshes from 3D measurements of microstructurally small fatigue-crack propagation",
  author="Ashley Spear and Jacob Hochhalter and A. Cerrone and Shiu Fai Li and Jonathan Lind and Robert Suter and Anthony Ingraffea",
  journal="Fatigue and Fracture of Engineering Materials and Structures",
  volume="39",
  number="6",
  pages="737-751",
  year="2016"}
  
%@Article{spear2016,
%  title={A method to generate conformal finite-element meshes from {3D} measurements of microstructurally small fatigue-crack propagation},
%  volume={39},
%  DOI={10.1111/ffe.12449},
%  number={6},
%  journal={Fatigue \& Fracture of Engineering Materials \& Structures},
%  author={Spear, A. D. and Hochhalter, J. D. and Cerrone, A. R. and Li, S. F. and Lind, J. F. and Suter, R. M. and Ingraffea, A. R.},
%  year={2016},
%  pages={737--751}}

@Article{spear2018,
  title={Data-Driven Materials Investigations: The Next Frontier in Understanding and Predicting Fatigue Behavior},
  author={Ashley Spear and Surya Kalidindi and Bryce Meredig and Antonios Kontsos and Jean-Briac le Graverend},
  journal={JOM},
  pages={1-4},
  year={2018},
  publisher={Springer}}
  
@Article{statistical2009r,
  title="R: A language and environment for statistical computing",
  author="Statistical Package, R",
  journal="Vienna, Austria: R Foundation for Statistical Computing",
  year="2009"}
  
%@Article{statistical2009r,
%  title={R: A language and environment for statistical computing},
%  author={Statistical Package, R},
%  journal={Vienna, Austria: R Foundation for Statistical Computing},
%  year={2009}}

@Article{tayon2012exploration,
  title={Exploration of incompatibility in Al-Li alloys using high energy diffraction microscopy and a crystal plasticity model},
  author={Tayon, Wesley},
  year={2012}}

@Article{tharwat2016,
  title = "Principal component analysis - a tutorial",
  author = "Alaa Tharwat",
  journal = "International journal of applied pattern recognition (IJAPR)",
  volume = "3",
  number = "3",
  year = "2016"}
  
@Article{Turner_2017,
  author="Turner, Todd J.
    and Shade, Paul A.
    and Bernier, Joel V.
    and Li, Shiu Fai
    and Schuren, Jay C.
    and Kenesei, Peter
    and Suter, Robert M.
    and Almer, Jonathan",
  title="Crystal Plasticity Model Validation Using Combined High-Energy Diffraction Microscopy Data for a {Ti-7Al} Specimen",
  journal="Metallurgical and Materials Transactions A",
  year="2017",
  month="Feb",
  day="01",
  volume="48",
  number="2",
  pages="627--647",
  issn="1543-1940",
  doi="10.1007/s11661-016-3868-x",
  url="https://doi.org/10.1007/s11661-016-3868-x"}

@Article{wang2017,
  title = "A comparison study of machine learning based algorithms for fatigue crack growth calculation",
  author = "H. Wang and W. Zhang and F. Sun and W. Zhang",
  journal = "Materials",
  volume = "10",
  number = "5",
  pages = "543",
  year = "2017"}
  
@Article{warner2016scalable,
  title={Scalable implementation of finite elements by {NASA \_ Implicit (ScIFEi)}},
  journal = {{NASA/TM-2016-219180}},
  author={Warner, James E and Bomarito, Geoffrey F and Heber, Gerd and Hochhalter, Jacob D},
  year={2016}}
  
@Article{Wei_2005,
  author={R. P. Wei and D. G. Harlow},
  title={Mechanistically based probability modelling, life prediction and reliability assessment},
  journal={Modelling Simul. Mater. Sci.},
  volume={13},
  number={1},
  pages={R33--R51},
  year={2005}}
  
@inproceedings{xgboost,
  author = {Tianqi Chen and Carlos Guestrin},
  title = {{XGBoost}: A Scalable Tree Boosting System},
  booktitle = {Proceedings of the 22nd ACM SIGKDD International Conference on Knowledge Discovery and Data Mining},
  year = {2016},
  pages = {785--794},
  numpages = {10},
  publisher = {ACM}}
 
@Article{Yeratapally_2016,
  title = "Microstructure based fatigue life prediction framework for polycrystalline nickel-base superalloys with emphasis on the role played by twin boundaries in crack initiation",
  journal = "Acta Materialia",
  volume = "107",
  pages = "152--167",
  year = "2016",
  issn = "1359-6454",
  doi = "https://doi.org/10.1016/j.actamat.2016.01.038",
  url = "http://www.sciencedirect.com/science/article/pii/S1359645416300374",
  author = "Saikumar R. Yeratapally and Michael G. Glavicic and Mark Hardy and Michael D. Sangid",
  keywords = "Fatigue crack initiation, Twin boundaries, Persistent slip bands, Elastic anisotropy, Plastic strain accumulation"}

@Article{zhang2003dependence,
  title={Dependence of intergranular fatigue cracking on the interactions of persistent slip bands with grain boundaries},
  author={Zhang, ZF and Wang, ZG},
  journal={Acta Materialia},
  volume={51},
  number={2},
  pages={347--364},
  year={2003},
  publisher={Elsevier}}

@Article{zhang2008grain,
  title={Grain boundary effects on cyclic deformation and fatigue damage},
  author={Zhang, ZF and Wang, ZG},
  journal={Progress in Materials Science},
  volume={53},
  number={7},
  pages={1025--1099},
  year={2008},
  publisher={Elsevier}}

@Article{zio2012,
  title = "Fatigue crack growth estimation by relevance vector machine",
  author = "Enrico Zio and Francesco Di Maio",
  journal = "Expert Systems with Applications",
  volume = "39",
  number = "12",
  pages = "10681 - 10692",
  year = "2012"}
